@article{yin2017deep,
  title={A deep learning approach for intrusion detection using recurrent neural networks},
  author={Yin, Chuanlong and Zhu, Yuefei and Fei, Jinlong and He, Xinzheng},
  journal={Ieee Access},
  volume={5},
  pages={21954--21961},
  year={2017},
  publisher={IEEE}
}
@inproceedings{al2020using,
  title={Using deep learning techniques for network intrusion detection},
  author={Al-Emadi, Sara and Al-Mohannadi, Aisha and Al-Senaid, Felwa},
  booktitle={2020 IEEE international conference on informatics, IoT, and enabling technologies (ICIoT)},
  pages={171--176},
  year={2020},
  organization={IEEE}
}
@article{xu2018intrusion,
  title={An intrusion detection system using a deep neural network with gated recurrent units},
  author={Xu, Congyuan and Shen, Jizhong and Du, Xin and Zhang, Fan},
  journal={IEEE Access},
  volume={6},
  pages={48697--48707},
  year={2018},
  publisher={IEEE}
}
